@article{umebayashi2018doaccoes,
  title={Doa{\c{c}}{\~o}es para ONGs no Brasil: estudo de casos e an{\'a}lise FSQCA},
  author={Umebayashi, Micheli and others},
  year={2018},
  publisher={Escola Superior de Propaganda e Marketing}
}

@article{silva2020dificuldades,
  title={Dificuldades das organiza{\c{c}}{\~o}es de Terceiro Setor: estudo da Casa Santa Gemma em Uberl{\^a}ndia--MG},
  author={Silva, Yago Antonio Pereira da},
  year={2020},
  publisher={Universidade Federal de Uberl{\^a}ndia}
}

@article{sharma2013survey,
  title={A survey of recommendation system: Research challenges},
  author={Sharma, Lalita and Gera, Anju},
  journal={International Journal of Engineering Trends and Technology (IJETT)},
  volume={4},
  number={5},
  pages={1989--1992},
  year={2013}
}

@article{ccano2017hybrid,
  title={Hybrid recommender systems: A systematic literature review},
  author={{\c{C}}ano, Erion and Morisio, Maurizio},
  journal={Intelligent Data Analysis},
  volume={21},
  number={6},
  pages={1487--1524},
  year={2017},
  publisher={IOS Press}
}

@inproceedings{goff2020identifying,
  title={Identifying tools to aid in the Management of Donations Across NGOs},
  author={Goff, Robyn and Bam, Wouter},
  booktitle={2020 IEEE International Conference on Engineering, Technology and Innovation (ICE/ITMC)},
  pages={1--8},
  year={2020},
  organization={IEEE}
}

@misc{sitecodebit,
  author={Codebit},
  title={Cloud e ONG’s: a importância da digitalização no terceiro setor},
  howpublished={Disponível em \url{https://codebit.com.br/blog/cloud-ongs-importancia-digitalizacao-terceiro-setor}},
  month={Setembro},
  year={2021}
}

@misc{sitepolitize01,
  author={Borges, Lucas},
  title={Por que a cultura de doação no Brasil ainda é atrasada?},
  howpublished={Disponível em \url{https://www.politize.com.br/cultura-de-doacao-no-brasil/}},
  month={Junho},
  year={2017}
}

@misc{sitepolitize02,
  author={Castro, Luísa},
  title={Terceiro setor: 4 pontos para entender},
  howpublished={Disponível em \url{https://www.politize.com.br/terceiro-setor-o-que-e/}},
  month={Junho},
  year={2017}
}

@misc{siteimpacto,
  author={Portal do Impacto},
  title={Como acelerar a transformação digital em organizações sociais},
  howpublished={Disponível em \url{https://www.portaldoimpacto.com/como-acelerar-a-transformacao-digital-em-organizacoes-sociais}},
  month={Agosto},
  year={2021}
}

@misc{economicforum,
  author={World Economic Forum},
  title={igital Culture: The Driving Force of Digital Transformation},
  year={2021}
}

@phdthesis{grava2021sistema,
  title={Sistema de recomenda{\c{c}}{\~a}o de artigos cient{\'\i}ficos utilizando dados sociais},
  author={Grava, Arthur Patricio},
  year={2021},
  school={Universidade de S{\~a}o Paulo}
}

@article{silva2017sistema,
  title={Sistema de Recomenda{\c{c}}{\~a}o baseado em conte{\'u}do textual: avalia{\c{c}}{\~a}o e compara{\c{c}}{\~a}o},
  author={Silva, Rafael Glauber Nascimento},
  year={2017},
  publisher={Instituto de Matem{\'a}tica. Departamento de ci{\^e}ncia da Computa{\c{c}}{\~a}o}
}

@article{avancini2016sistema,
  title={Um sistema de recomenda{\c{c}}{\~a}o sens{\'\i}vel ao contexto para atividades de lazer},
  author={Avancini, Vitor Paulon and others},
  year={2016},
  publisher={Florian{\'o}polis, SC}
}

@article{laval2007comportamento,
  title={O comportamento do consumidor no marketing social e a necessidade da doa{\c{c}}{\~a}o de sangue: Hemocentro Regional de Juiz de Fora--Funda{\c{c}}{\~a}o HEMOMINAS},
  author={Laval, Juliana Maioli and Pinto, ACS},
  journal={Revista Eletr{\^o}nica da Faculdade Metodista Granbery},
  volume={3},
  pages={1--21},
  year={2007}
}

@article{barboza2014marketing,
  title={Marketing social para doa{\c{c}}{\~a}o de sangue: an{\'a}lise da predisposi{\c{c}}{\~a}o de novos doadores},
  author={Barboza, Stephanie Ingrid Souza and Costa, Francisco Jos{\'e} da},
  journal={Cadernos de Sa{\'u}de P{\'u}blica},
  volume={30},
  pages={1463--1474},
  year={2014},
  publisher={SciELO Brasil}
}

@incollection{roche2000avaliaccao,
  title={Avalia{\c{c}}{\~a}o de impactos dos trabalhos de ONGs: aprendendo a valorizar as mudan{\c{c}}as},
  author={Roche, Chris},
  booktitle={Avalia{\c{c}}{\~a}o de impactos dos trabalhos de ONGs: aprendendo a valorizar as mudan{\c{c}}as},
  pages={348--348},
  year={2000}
}

@phdthesis{cerosino2022impactos,
  title={Impactos da pandemia da Covid-19 no processo de transforma{\c{c}}{\~a}o digital das ONGs brasileiras},
  author={Cerosino, Rosana},
  year={2022}
}
